@BOOK{Sutherland65theultimate,
    author = {Ivan E. Sutherland},
    title = {The Ultimate Display},
    booktitle = {Proceedings of the IFIP Congress},
    year = {1965},
    pages = {506--508}
}

@article{vankrevelenrick,
author = {Van Krevelen, Rick},
year = {2007},
month = {04},
pages = {},
title = {Augmented Reality: Technologies, Applications, and Limitations},
doi = {10.13140/RG.2.1.1874.7929}
}

@misc{virtualrealitysociety_2020,
title={History of virtual reality},
url={https://www.vrs.org.uk/virtual-reality/history.html},
journal={Virtual Reality Society},
year={2020},
month={Jan}
}

@misc{sousa_ccg_2018,
title={Realidade Aumentada: Foi um Longo Percurso até à sua aplicabilidade industrial!},
url={https://ccg.pt/realidade-aumentada-aplicabilidade/},
journal={CCG},
author={Sousa, Nuno and Ccg},
year={2018},
month={Apr}
}

@misc{staff_2021,
title={Using 3D holograms to treat cardiac arrhythmia},
url={https://translationalsciencebenefits.wustl.edu/using-3d-holograms-to-treat-cardiac-arrhythmia/},
journal={Translational Science Benefits Model},
author={staff, TSBM},
year={2021},
month={Apr}
}

@misc{moody_2020,
title={Technology in action: How virtual and augmented reality are boosting MRO and Logistics},
url={https://www.aviationbusinessnews.com/mro/technology-in-action-how-virtual-and-augmented-reality-are-boosting-mro-and-logistics/},
journal={Aviation Business News},
author={Moody, Melissa},
year={2020},
month={Dec}
}

@misc{sinha_2021,
title={Augmented reality in education: A staggering insight into the future},
url={https://elearningindustry.com/augmented-reality-in-education-staggering-insight-into-future},
journal={eLearning Industry},
author={Sinha, Shweta},
year={2021},
month={May}
}

@misc{bohn_2019,
title={Microsofts HoloLens 2: a \$3,500 mixed reality headset},
url={https://www.theverge.com/2019/2/24/18235460/microsoft-hololens-2-price-specs-mixed-reality-ar-vr-business-work-features-mwc-2019},
journal={The Verge},
publisher={The Verge},
author={Bohn, Dieter},
year={2019},
month={Feb}
}